
@online{Vattenfall,
    title = {Kärnkraft},
    publisher = {Vattenfall},
    url = {https://www.vattenfall.fi/sv/elavtal/energikallor/karnkraft/},
    urldate = {2023-05-21},
}

@online{Wikipedia,
    publisher = {Wikipedia},
    title = {Kärnkraft},
    date = {2023-05-21},
    url = {https://sv.wikipedia.org/wiki/K%C3%A4rnkraft },
}

@online{Vattenfall2,
    publisher = {Vattenfall},
    title = {Kärnkraft lägst koldioxidutsläpp över en hel livslängd},
    date = {2023-05-23},
    url = {https://energyplaza.vattenfall.se/blogg/karnkraft-lagst-koldioxidutslapp-over-en-hel-livslangd},
}

@online{TekniskaMuseet,
    publisher = {TekniskaMuseet},
    title = {Kärnkraft},
    date = {2023-05-23},
    url = {https://www.tekniskamuseet.se/lar-dig-mer/100-innovationer/karnkraft/},
}